% Encoding: UTF-8

@Article{SebbyStrabley2006,
  author    = {J. Sebby-Strabley and M. Anderlini and P. S. Jessen and J. V. Porto},
  journal   = {Physical Review A},
  title     = {Lattice of double wells for manipulating pairs of cold atoms},
  year      = {2006},
  month     = {mar},
  number    = {3},
  volume    = {73},
  doi       = {10.1103/physreva.73.033605},
  publisher = {American Physical Society ({APS})},
}

@Article{Wilkinson2018,
  author    = {Samuel A. Wilkinson and Nicolas Vogt and Dmitry S. Golubev and Jared H. Cole},
  journal   = {Physica E: Low-dimensional Systems and Nanostructures},
  title     = {Approximate solutions to Mathieu{\textquotesingle}s equation},
  year      = {2018},
  month     = {jun},
  pages     = {24--30},
  volume    = {100},
  doi       = {10.1016/j.physe.2018.02.019},
  publisher = {Elsevier {BV}},
}

@Article{Busch1998,
  author    = {Thomas Busch and Berthold-Georg Englert and Kazimierz Rza{\.{z}}ewski and Martin Wilkens},
  journal   = {Foundations of Physics},
  year      = {1998},
  number    = {4},
  pages     = {549--559},
  volume    = {28},
  doi       = {10.1023/a:1018705520999},
  publisher = {Springer Science and Business Media {LLC}},
}

@Article{McKay2009,
  author    = {D. McKay and M. White and B. DeMarco},
  journal   = {Physical Review A},
  title     = {Lattice thermodynamics for ultracold atoms},
  year      = {2009},
  month     = {jun},
  number    = {6},
  volume    = {79},
  doi       = {10.1103/physreva.79.063605},
  publisher = {American Physical Society ({APS})},
}

@Article{Sun2011,
  author    = {Kai Sun and W. Vincent Liu and Andreas Hemmerich and S. Das Sarma},
  journal   = {Nature Physics},
  title     = {Topological semimetal in a fermionic optical lattice},
  year      = {2011},
  month     = {nov},
  number    = {1},
  pages     = {67--70},
  volume    = {8},
  doi       = {10.1038/nphys2134},
  publisher = {Springer Science and Business Media {LLC}},
}

@Article{Rey2005,
  author    = {Ana Maria Rey and Guido Pupillo and Charles W. Clark and Carl J. Williams},
  journal   = {Physical Review A},
  title     = {Ultracold atoms confined in an optical lattice plus parabolic potential: A closed-form approach},
  year      = {2005},
  month     = {sep},
  number    = {3},
  volume    = {72},
  doi       = {10.1103/physreva.72.033616},
  publisher = {American Physical Society ({APS})},
}

@Article{Juergensen2014,
  author    = {Ole Jürgensen and Florian Meinert and Manfred J. Mark and Hanns-Christoph Nägerl and Dirk-Sören Lühmann},
  journal   = {Physical Review Letters},
  title     = {Observation of Density-Induced Tunneling},
  year      = {2014},
  month     = {nov},
  number    = {19},
  volume    = {113},
  doi       = {10.1103/physrevlett.113.193003},
  publisher = {American Physical Society ({APS})},
}

@Comment{jabref-meta: databaseType:bibtex;}
